@webpage{aircrackNG,
	url = {http://www.aircrack-ng.org/},
	Lastchecked = {August 24th, 2010},
	Title = {{Aircrack-ng}}
}

@webpage{ath9k,
	url = {http://linuxwireless.org/en/users/Drivers/ath9k},
	LastChecked = {October 3rd, 2012},
	Title = {{ath9k - Linux Wireless}}
}

@webpage{atheros,
	url={http://www.qca.qualcomm.com/},
	Lastchecked={September 27th, 2011},
	Title={{Qualcomm Atheros :: Home}}
}

@webpage{bipt,
	url={http://www.bipt.be/},
	Lastchecked = {August 2rd, 2010},
	Title = {{BIPT - Welkom}}
}

@webpage{blackboard,
	url = {https://blackboard.ua.ac.be/},
	Lastchecked = {August 20th, 2010},
	Title = {{Blackboard Learn}}
}

@webpage{gnuplothome,
	url = {http://www.gnuplot.info/},
	Lastchecked = {September 15th, 2009},
	Title = {{gnuplot homepage}}}
	
@webpage{gnuplotTut,
	url = {http://t16web.lanl.gov/Kawano/gnuplot/index-e.html},
	Lastchecked = {September 15th, 2009},
	Title = {{gnuplot tips (not so Frequently Asked Questions)}}}
	
@webpage{hostap,
	url = {http://hostap.epitest.fi/hostapd/},
	Lastchecked={September 27th, 2011},
	Title={{hostapd: IEEE 802.11 AP, IEEE 802.1X/WPA/WPA2/EAP/RADIUS Authenticator}}
}
	
@webpage{latex,
	url={http://www.latex-project.org/},
	Lastchecked={September 27th, 2011},
	Title={{LaTeX - A document preparation system}}
}

@webpage{madwifi,
	url = {http://madwifi-project.org/},
	Lastchecked = {August 20th, 2010},
	Title = {{madwifi-project.org - Trac}}}
	
@webpage{openwrt,
	Lastchecked = {October 3rd, 2012},
	Title = {OpenWrt},
	Url = {http://openwrt.org/}
}

@webpage{patsforum,
	url = {https://patsstudent.cmi.ua.ac.be/forum/},
	Lastchecked = {September 15th, 2009},
	Title = {{Patsstudent - All discussions}}}

@webpage{patslaboaccess,
	url = {https://patsstudent.cmi.ua.ac.be/laboaccess/},
	Lastchecked = {September 15th, 2009},
	Title = {{Telecom Lab - Network Access}}
}
	
@webpage{patsreservation,
	url = {https://patsstudent.cmi.ua.ac.be/telecomlabo/},
	Lastchecked = {September 15th, 2009},
	Title = {{Meeting Room Booking System}}
}

@webpage{wireshark,
	url = {http://www.wireshark.org/},
	Lastchecked = {August 20th, 2010},
	Title = {{Wireshark $\cdotp$ Go deep.}}
}
	
@webpage{voyage52,
	Lastchecked = {August 20th, 2010},
	Title = {{Voyage Linux \textbar \ \{ x86 Embedded Linux = Green computing \}}},
	Url = {http://linux.voyage.hk/}
}

@misc{cryptoeprint:2007:120,
   author = {Erik Tews and Ralf-Philipp Weinmann and Andrei Pyshkin},
   title = {{Breaking 104 bit WEP in less than 60 seconds}},
   howpublished = {Cryptology ePrint Archive, Report 2007/120},
   year = {2007},
   note = {\url{http://eprint.iacr.org/2007/120.pdf}},
}

@misc{wifisecurity:2012,
	author = {WiFi Alliance\textsuperscript{\textregistered}},
	title = {{The State of WiFi\textsuperscript{\textregistered} Security}},
	year = {2012},
	note = {\url{http://www.wi-fi.org/sites/default/files/uploads/files/wp_State_of_Wi-Fi_Security_20120125.pdf}}
}

@misc{wps,
	author = {Stefan Viehb\"{o}ck},
	title = {{Brute forcing Wi-Fi Protected Setup}},
	year = {2011},
	note = {\url{http://sviehb.files.wordpress.com/2011/12/viehboeck_wps.pdf}}
}

@misc{cryptoeprint:2011:449,
    author = {Andrey Bogdanov and Dmitry Khovratovich and Christian Rechberger},
    title = {{Biclique Cryptanalysis of the Full AES}},
    howpublished = {Cryptology ePrint Archive, Report 2011/449},
    year = {2011},
    note = {\url{http://eprint.iacr.org/2011/449.pdf}},
}
