@misc{50ism,
  author        = {Poole, I.},
  title         = "{Wi-Fi / WLAN Channels, Frequencies, Bands \& Bandwidths}",
  howpublished  = "\url{http://www.radio-electronics.com/info/wireless/wi-fi/80211-channels-number-frequencies-bandwidth.php}",
  year          = "2013"
}


@techreport{rssi-calc,
  title="{Converting Signal Strength Percentage to dBm Values}",
  author={Bardwell, J.},
  month={11},
  year={2002},
  institution={WildPackets}
}

@misc{formula,
  author        = {Kurtisi, Z.},
  title         = "{Re: [RFCv2] Add spectral scan support for Atheros AR92xx/AR93xx}",
  howpublished  = "\url{https://www.spinics.net/lists/linux-wireless/msg101011.html}",
  year          = "2012"
}

@misc{gigawatt,
  author        = {Mueller, M.},
  title         = "{How Much Power is 1 Gigawatt?}",
  howpublished  = "\url{https://energy.gov/eere/articles/how-much-power-1-gigawatt}",
  year          = "2016"
}
